3456 4608
1589 505 1626 565 1

1407 710 1572 770 Adi
1607 693 1681 753 20
1754 676 1955 736 Agosto
1993 673 2137 733 1629

935 889 1148 949 Mattiva
1172 875 1210 935 di
1234 869 1309 929 San
1360 857 1610 917 Bernarao
1647 846 1746 906 Sib
1784 838 2021 898 andoalla
2083 823 2258 883 Messa
2308 812 2358 872 da
2396 800 2558 860 Frati
2595 786 2632 846 di

907 984 981 1044 ove
1012 978 1097 1038 era
1128 973 1159 1033 la
1191 964 1382 1024 fresta,
1402 958 1444 1018 et
1476 950 1698 1010 all'hora
1739 942 1792 1002 di
1823 933 2087 993 disinare
2150 923 2193 983 fu
2245 914 2498 974 regalato
2551 902 2613 962 de
2646 898 2667 958 l

532 1031 693 1091 Matt.o
721 1027 766 1087 di
774 1024 864 1084 Saa

579 1117 823 1177 Bernardo
916 1090 1146 1150 Comunità
1176 1080 1223 1140 di
1254 1070 1576 1130 Poggibenzi
1606 1061 1682 1121 del
1712 1055 1928 1115 Pributo
1958 1049 2112 1109 solito
2127 1045 2265 1105 delle
2311 1039 2587 1099 Perche,
2618 1033 2678 1093 ee
2709 1026 2910 1086 sirto

874 1214 1013 1274 attese
1038 1204 1113 1264 alle
1138 1194 1366 1254 negsti,
1391 1188 1429 1248 la
1466 1184 1580 1244 sera
1632 1180 1770 1240 andò
1809 1177 1834 1237 a
1871 1172 2112 1232 gircare
2162 1165 2212 1225 al
2264 1154 2528 1214 Mari

1258 1384 1367 1444 Adi
1394 1375 1488 1435 25.
1501 1368 1662 1428 Agosso
1690 1363 1811 1423 1629

959 1546 1154 1606 Essendo
1183 1540 1337 1600 passata
1365 1534 1378 1594 à
1420 1530 1546 1590 mig.ri
1560 1526 1658 1586 vita
1686 1523 1713 1583 la
1741 1519 1812 1579 d.a
1839 1515 2090 1575 Duchessa
2133 1513 2161 1573 di
2188 1513 2440 1573 Mantova,
2468 1518 2537 1578 che
2566 1527 2761 1587 grveina

907 1645 941 1705 la
964 1643 1079 1703 Citto
1102 1642 1148 1702 et
1171 1640 1275 1700 stato
1297 1638 1332 1698 di
1354 1635 1516 1695 Sieno,
1527 1630 1642 1690 come
1677 1629 1724 1689 si
1746 1627 1758 1687 è
1792 1625 1908 1685 detto
1930 1625 1976 1685 di
1999 1625 2126 1685 sopra
2171 1627 2230 1687 al
2252 1633 2539 1693 suoluogo,
2562 1646 2654 1706 S'A
2734 1667 2907 1727 drtito

928 1753 940 1813 ꝑ
975 1756 1068 1816 quel
1103 1757 1278 1817 governo
1301 1757 1335 1817 il
1358 1757 1416 1817 S.r
1428 1756 1487 1816 P.r
1510 1754 1696 1814 Mattias
1731 1752 1800 1812 suo
1835 1751 1998 1811 fratello
2032 1750 2172 1810 giova
2195 1753 2324 1813 netto
2347 1756 2393 1816 di
2416 1763 2579 1823 anni
2614 1774 2707 1834 16.
2731 1781 2754 1841 p

914 1858 952 1918 di
965 1863 1134 1923 sperito
1161 1866 1342 1926 elevato,
1368 1867 1381 1927 e
1394 1866 1564 1926 pronto,
1589 1865 1822 1925 giudicato
1849 1864 1888 1924 da
1926 1864 2031 1924 dil
2069 1865 2212 1925 molto
2238 1867 2329 1927 atto
2368 1871 2380 1931 ꝑ
2446 1878 2602 1938 quella
2640 1891 2757 1951 Citta

545 1897 692 1957 Bartita
720 1889 803 1949 dell

944 1969 985 2029 et
1006 1973 1172 2033 stato,
1192 1975 1244 2035 et
1264 1976 1420 2036 perciò
1461 1976 1679 2036 havendo
1710 1976 1917 2036 allestito
1948 1976 2062 2036 tutte
2103 1978 2134 2038 le
2165 1980 2258 2040 cose
2300 1993 2610 2053 Recissarie

526 1986 536 2046 P
586 1979 727 2039 Mattias

520 2073 689 2133 Sieno

903 2078 1090 2138 andare
1124 2082 1161 2142 al
1195 2084 1300 2144 sud.to
1325 2086 1546 2146 governo,
1558 2087 1734 2147 questa
1793 2088 2027 2148 Mattina
2086 2091 2132 2151 si
2156 2092 2296 2152 vesti
2331 2098 2378 2158 do
2414 2112 2765 2172 Campoguia,
2788 2134 2823 2194 et

892 2184 1023 2244 senti
1046 2190 1177 2250 messa
1224 2193 1272 2253 in
1297 2194 1403 2254 casa
1451 2197 1557 2257 dive
1582 2198 1629 2258 si
1653 2200 1939 2260 comunico,
1962 2204 2023 2264 et
2046 2207 2105 2267 pei
2140 2211 2271 2271 andò
2308 2221 2463 2281 conla
2522 2237 2676 2297 sesto
2700 2254 2819 2314 srad

879 2295 976 2355 alla
1008 2302 1158 2362 Messa
1211 2308 1297 2368 alla
1340 2313 1651 2373 Nunziata,
1674 2317 1716 2377 et
1759 2322 1963 2382 Tornati
1995 2328 2092 2388 desi
2103 2332 2264 2392 norno
2306 2342 2435 2402 Tutti
2478 2359 2715 2419 insieme

862 2408 975 2468 nelle
994 2418 1155 2478 stanze
1201 2429 1419 2489 Perrene,
1438 2435 1533 2495 alle
1570 2440 1835 2500 Ventunora
1891 2452 2325 2512 volendonartire
2372 2466 2411 2526 si
2439 2477 2666 2537 licenzio
2713 2492 2760 2552 di

865 2529 1006 2589 Mad.e
1031 2538 1172 2598 Sest.mo,
1185 2544 1236 2604 et
1250 2548 1391 2608 dalla
1429 2554 1545 2614 sert
1595 2558 1724 2618 Arc.a
1749 2562 1800 2622 et
1814 2564 2005 2624 entrato
2043 2570 2096 2630 in
2134 2577 2351 2637 Canozza
2403 2585 2416 2645 a
2466 2592 2544 2652 sei
2569 2606 2786 2666 Cavalli

874 2648 947 2708 con
971 2654 1021 2714 il
1046 2659 1131 2719 sers
1167 2669 1363 2729 Grand.a
1387 2677 1571 2737 cetss.ri
1595 2682 1694 2742 Pd.
1731 2687 1914 2747 Fratelli
1939 2692 1987 2752 si
2025 2697 2171 2757 invio
2209 2705 2355 2765 verto
2393 2711 2429 2771 la
2466 2719 2601 2779 posta
2637 2731 2734 2791 lan

886 2776 992 2836 Pier
1018 2779 1215 2839 gattolini
1241 2783 1294 2843 con
1333 2789 1556 2849 corseggio
1596 2796 1635 2856 di
1661 2805 1898 2865 Carezze,
1924 2812 1937 2872 e
1963 2818 2095 2878 fuori
2134 2828 2265 2888 della
2291 2838 2410 2898 porta
2462 2847 2554 2907 d'al
2580 2860 2831 2920 filicenzio

863 2900 892 2960 et
935 2902 980 2962 il
995 2903 1009 2963 s
1053 2909 1288 2969 Principe
1317 2916 1492 2976 seguito
1521 2921 1564 2981 il
1595 2925 1682 2985 suo
1696 2932 1917 2992 Viaggio
1946 2952 2414 3012 accomfogniato
2443 2971 2575 3031 fino
2589 2978 2635 3038 di
2663 2983 2721 3043 la

889 3019 997 3079 dalla
1011 3029 1187 3089 Certosa
1214 3040 1297 3100 dal
1310 3045 1351 3105 b.
1378 3058 1677 3118 P.eZioCarlo,
1704 3069 1718 3129 e
1745 3074 1881 3134 tsd.ri
1908 3084 2029 3144 PD.r
2058 3095 2261 3155 Fratelli
2288 3104 2369 3164 set
2396 3111 2559 3171 quivi
2586 3118 2627 3178 si
2640 3123 2817 3183 licenlit

849 3152 894 3212 et
923 3154 953 3214 lo
983 3158 1087 3218 serà
1134 3164 1253 3224 andò
1282 3179 1596 3239 alloggiare
1641 3192 1656 3252 a
1702 3210 2151 3270 Sanfasciano,
2195 3229 2210 3289 ꝑ
2256 3236 2465 3296 andare
2526 3245 2630 3305 poi
2675 3248 2734 3308 la

834 3275 997 3335 Matt.a
1022 3281 1250 3341 seguente
1290 3289 1315 3349 à
1353 3300 1618 3360 desinare
1656 3312 1669 3372 à
1719 3322 1909 3382 Boggi
1922 3337 2112 3397 benzi,
2137 3346 2175 3406 et
2213 3350 2250 3410 lo
2276 3356 2390 3416 sera
2428 3361 2453 3421 a
2478 3364 2644 3424 Siena

852 3394 1023 3454 Meno
1047 3397 1145 3457 sego
1181 3400 1217 3460 il
1229 3402 1279 3462 b.
1315 3408 1460 3468 Bali
1498 3417 1620 3477 Gio:
1644 3427 1863 3487 Altoviti
1899 3437 1997 3497 suo
2033 3445 2179 3505 sio,

856 3501 868 3561 I
917 3500 1061 3560 Cav.rle
1096 3502 1252 3562 Muzi
1311 3510 1443 3570 Alli
1480 3519 1588 3579 suo
1611 3531 1958 3591 Cavallerizzo
1995 3537 2245 3597 Magg.re

842 3603 946 3663 Due
991 3602 1230 3662 Aiutana
1286 3608 1321 3668 di
1344 3613 1560 3673 Camera

811 3703 941 3763 otto
973 3708 1267 3768 Staffieri
1315 3713 1447 3773 cetil
1479 3719 1806 3779 Caporale,
1838 3725 1887 3785 et
1953 3731 2164 3791 l'altra
2213 3742 2490 3802 famiglia
2523 3751 2573 3811 la
2606 3758 2768 3818 piglia

793 3818 847 3878 in
888 3821 1107 3881 siena,
1134 3826 1257 3886 cioè
1299 3834 1654 3894 Camarieri,
1681 3844 1736 3904 et
1805 3852 2052 3912 Poggi,
2065 3859 2106 3919 et
2147 3863 2283 3923 tutto
2339 3868 2543 3928 l'altro
2572 3871 2653 3931 del
2667 3871 2805 3931 ser.o

811 3961 948 4021 Vente
962 3959 1153 4019 quattro
1180 3959 1357 4019 sold.i
1371 3964 1698 4024 Alemanni
1725 3970 1739 4030 ꝑ
1768 3970 1808 4030 la
1862 3974 1945 4034 sua
1986 3979 2204 4039 guardia

3192 939 3302 999 Calia

3114 1051 3315 1111 Sienta

3126 1145 3337 1205 Malti

3090 1706 3185 1766 fra
3207 1694 3257 1754 do

3075 1793 3183 1853 Cle
3209 1781 3237 1841 di

3091 1891 3188 1951 160

3131 2458 3220 2518 Gioro

3102 2555 3160 2615 28

3089 3189 3118 3249 6
